<record xmlns="http://www.loc.gov/MARC21/slim" xmlns:xsi="http://www.w3.org/2001/XMLSchema-instance" xsi:schemaLocation="http://www.loc.gov/MARC21/slim http://www.loc.gov/standards/marcxml/schema/MARC21slim.xsd">

  <leader>00614nam a2200181Ia 4500</leader>
  <controlfield tag="008">150731b2000    CK ||||| |||| 00| | spa d</controlfield>
  <datafield tag="020" ind1=" " ind2=" ">
    <subfield code="a">6554023</subfield>
  </datafield>
  <datafield ind1=" " ind2=" " tag="090">
    <subfield code="a">06.02.03 </subfield>
    <subfield code="b">378</subfield>
  </datafield>
  <datafield tag="100" ind1="1" ind2=" ">
    <subfield code="a">Restrepo Gómez, Bernardo</subfield>
    <subfield code="9">631</subfield>
  </datafield>
  <datafield tag="245" ind2="0" ind1="1">
    <subfield code="a">La educación y el desarrollo sostenible en la región de planificación del occidente colombiano</subfield>
  </datafield>
  <datafield ind2=" " ind1=" " tag="260">
    <subfield code="a">Medellín, Colombia :</subfield>
    <subfield code="b">Universidad de Antioquía, </subfield>
    <subfield code="c">2000</subfield>
  </datafield>
  <datafield ind2=" " ind1=" " tag="300">
    <subfield code="a">58 páginas</subfield>
  </datafield>
  <datafield tag="650" ind1="1" ind2="4">
    <subfield code="a">DESARROLLO DE LA EDUCACIÓN</subfield>
    <subfield code="9">24</subfield>
  </datafield>
  <datafield tag="650" ind2="4" ind1="1">
    <subfield code="a">DESARROLLO  SOSTENIBLE</subfield>
    <subfield code="9">443</subfield>
  </datafield>
  <datafield ind2="4" ind1="1" tag="650">
    <subfield code="a">DIAGNÓSTICO</subfield>
    <subfield code="9">632</subfield>
  </datafield>
  <datafield tag="650" ind1="1" ind2="4">
    <subfield code="a">CALIDAD DE LA EDUCACIÓN</subfield>
    <subfield code="9">11</subfield>
  </datafield>
  <datafield ind2=" " ind1=" " tag="942">
    <subfield code="2">z</subfield>
    <subfield code="c">01</subfield>
  </datafield>
  <datafield tag="999" ind1=" " ind2=" ">
    <subfield code="c">148</subfield>
    <subfield code="d">148</subfield>
  </datafield>
</record>